<?xml version="1.0" encoding="UTF-8"?><collection xmlns="http://www.loc.gov/MARC21/slim"><record><leader>00343nam--2200121-i-4500</leader><controlfield tag="001">000029621</controlfield><controlfield tag="002">20161230</controlfield><controlfield tag="005">20161230201037</controlfield><controlfield tag="008">060222s1000------------r-----000-0-eng-d</controlfield><datafield ind1=" " ind2=" " tag="100"><subfield code="a">Laffose,  M</subfield></datafield><datafield ind1=" " ind2=" " tag="245"><subfield code="a">Manuel pratique de mesures electriques et d`essais de machines. deuxieme edition</subfield></datafield><datafield ind1=" " ind2=" " tag="260"><subfield code="a">Paris, Dunod, 1959. Xii + 231p</subfield></datafield><datafield ind1=" " ind2=" " tag="852"><subfield code="a">14484</subfield></datafield></record></collection>